@article{article1,
author = {Fred Glover, Gary Kochenberger, Yu Du},
title = {Quantum Bridge Analytics I: A Tutorial on Formulating
and Using QUBO Models},
journal = {ECEE},
year = {2019, May}
}

@MISC{WebSite1,
author = {D-Wave the quantum computing company},
title = {The D-Wave 2000Qâ„¢
Quantum Computer
Technology Overview},
howpublished={\url{https://dwavejapan.com/app/uploads/2019/10/D-Wave-2000Q-Tech-Collateral_1029F.pdf}}
}

@MISC{WebSite3,
author = {DWave the quantum computing company},
title = {D-Wave system documentation},
howpublished={\url{https://docs.dwavesys.com/docs/latest/c_gs_2.html}}
}

@MISC{WebSite4,
author = {DWave the quantum computing company},
title = {Programming the D-Wave QPU: Setting the Chain Strength},
howpublished={\url{https://www.dwavesys.com/media/vsufwv1d/14-1041a-a_setting_the_chain_strength.pdf}}
}

@MISC{WebSite5,
author = {DWave the quantum computing company},
title = {D-Wave system documentation},
howpublished={\url{https://docs.ocean.dwavesys.com/projects/system/en/stable/reference/generated/dwave.embedding.chain_strength.uniform_torque_compensation.html}}
}

@MISC{WebSite6,
author = {DWave the quantum computing company},
title = {DWave-Hybrid framework documentation},
howpublished={\url{https://docs.ocean.dwavesys.com/projects/hybrid/en/latest/intro/overview.html}}
}


